<record><leader>00000cas a22000007a 4500</leader><controlfield tag="001">37217282</controlfield><controlfield tag="008">970630d19uu1978caucr ne      0    0eng d</controlfield><datafield ind1=" " ind2=" " tag="010"><subfield code="a">sn 97069552 </subfield></datafield><datafield ind1=" " ind2=" " tag="040"><subfield code="a">CNK</subfield><subfield code="b">eng</subfield><subfield code="c">CNK</subfield><subfield code="d">OCLCQ</subfield><subfield code="d">OCLCF</subfield><subfield code="d">OCLCO</subfield></datafield><datafield ind1="1" ind2=" " tag="029"><subfield code="a">AU@</subfield><subfield code="b">000013335564</subfield></datafield><datafield ind1=" " ind2=" " tag="042"><subfield code="a">msc</subfield></datafield><datafield ind1=" " ind2=" " tag="043"><subfield code="a">n-us-ca</subfield></datafield><datafield ind1="0" ind2="0" tag="245"><subfield code="a">Clairemont sentinel.</subfield></datafield><datafield ind1="3" ind2=" " tag="246"><subfield code="a">Clairemont sentinel and the north shores sentinel</subfield></datafield><datafield ind1="1" ind2="3" tag="246"><subfield code="a">Sentinel and the San Diegan</subfield><subfield code="f">Sept. 20, 1959-Aug. 18, 1963</subfield></datafield><datafield ind1="1" ind2="3" tag="246"><subfield code="a">Sentinel peninsula news and the San Diegan</subfield><subfield code="f">Aug. 22, 1963-Aug. 25, 1968</subfield></datafield><datafield ind1=" " ind2=" " tag="260"><subfield code="a">San Diego, Calif. :</subfield><subfield code="b">[s.n.]</subfield></datafield><datafield ind1=" " ind2=" " tag="300"><subfield code="a">v.</subfield></datafield><datafield ind1=" " ind2=" " tag="310"><subfield code="a">Semiweekly,</subfield><subfield code="b">July 15, 1959-&lt;Nov. 15, 1978&gt;</subfield></datafield><datafield ind1=" " ind2=" " tag="321"><subfield code="a">Weekly,</subfield><subfield code="b">&lt;Nov. 2, 1955&gt;-July 8, 1959</subfield></datafield><datafield ind1="1" ind2=" " tag="362"><subfield code="a">Ceased in Nov. 1978.</subfield></datafield><datafield ind1=" " ind2=" " tag="500"><subfield code="a">"And the North Shores Sentinel" appears in small print beneath "Clairemont Sentinel," Jan. 28, 1971-May 5, 1976.</subfield></datafield><datafield ind1=" " ind2=" " tag="500"><subfield code="a">Publication moved to Pacific Beach, Calif., May 27, 1959.</subfield></datafield><datafield ind1=" " ind2=" " tag="580"><subfield code="a">Published in several local editions.</subfield></datafield><datafield ind1=" " ind2=" " tag="588"><subfield code="a">Description based on: Vol. 28, no. 44 (Nov. 2, 1955).</subfield></datafield><datafield ind1=" " ind2="0" tag="651"><subfield code="a">San Diego (Calif.)</subfield><subfield code="v">Newspapers.</subfield></datafield><datafield ind1=" " ind2="7" tag="655"><subfield code="a">Newspapers.</subfield><subfield code="2">fast</subfield><subfield code="0">(OCoLC)fst01423814</subfield></datafield><datafield ind1=" " ind2="7" tag="651"><subfield code="a">California</subfield><subfield code="z">San Diego.</subfield><subfield code="2">fast</subfield><subfield code="0">(OCoLC)fst01205232</subfield></datafield><datafield ind1=" " ind2=" " tag="752"><subfield code="a">United States</subfield><subfield code="b">California</subfield><subfield code="c">San Diego</subfield><subfield code="d">San Diego.</subfield></datafield><datafield ind1="0" ind2="0" tag="785"><subfield code="t">Sentinel (San Diego, Calif. : Clairemont ed.)</subfield><subfield code="w">(DLC)sn 98061600</subfield></datafield></record>